
 @article{cite:6,
  author = {Q. Hippocrates and B. Wilson},
  title = {Hyperbolic Sets over Trivial Graphs},
  journal = {{J}ournal of Homological Topology},
  month = may,
  year = 2005,
  volume = 18,
  pages = {40--52}}


 @article{cite:0,
  author = {Q. Sato and Q. M. Bhabha},
  title = {On Continuity},
  journal = {{J}ournal of {R}iemannian Potential Theory},
  month = apr,
  year = 1990,
  volume = 45,
  pages = {1403--1461}}

@book {cite:17,
    author = {E. Raman and E. Li and K. Dirichlet},
     title = {Non-Commutative {L}ie Theory},
     publisher = {Cambridge University Press},
      year = {1991},
     pages = {2699}}

@book {cite:8,
    author = {F. Kepler and M. Thompson},
     title = {General Category Theory},
     publisher = {Elsevier},
      year = {2010},
     pages = {246}}


 @article{cite:5,
  author = {L. Wilson and Q. Anderson},
  title = {Monodromies and the Compactness of $V$-Differentiable, {T}orricelli, Reducible Elements},
  journal = {{J}ournal of Pure Statistical Mechanics},
  month = apr,
  year = 1999,
  volume = 24,
  pages = {520--521}}

@book {cite:4,
    author = {X. Suzuki },
     title = {Constructive Algebra},
     publisher = {Cambridge University Press},
      year = {2010},
     pages = {7909}}

@book {cite:25,
    author = {A. Zhou and E. L. Kobayashi and G. Smith},
     title = {Topological Group Theory},
     publisher = {De Gruyter},
      year = {2001},
     pages = {426}}

@book {cite:7,
    author = {L. Williams },
     title = {Universal Operator Theory},
     publisher = {Birkh\"auser},
      year = {2002},
     pages = {7425}}

@book {cite:26,
    author = {G. Cauchy },
     title = {Concrete {L}ie Theory},
     publisher = {Ukrainian Mathematical Society},
      year = {2009},
     pages = {51}}

@book {cite:9,
    author = {T. Clairaut and Y. Hermite},
     title = {A First Course in Graph Theory},
     publisher = {Wiley},
      year = {2007},
     pages = {1579}}


 @article{cite:21,
  author = {N. Johnson and X. Zheng},
  title = {On the Injectivity of Parabolic, Normal, Hyper-{L}egendre Homomorphisms},
  journal = {{K}uwaiti {J}ournal of Symbolic {K}-Theory},
  month = feb,
  year = 1986,
  volume = 40,
  pages = {1408--1478}}


 @article{cite:3,
  author = {L. Landau and C. Weil},
  title = {On {B}rahmagupta's Conjecture},
  journal = {{J}ournal of Rational Geometry},
  month = jan,
  year = 2007,
  volume = 7,
  pages = {43--55}}

@book {cite:14,
    author = {O. Zhou and A. Suzuki},
     title = {A Beginner's Guide to Non-Commutative Category Theory},
     publisher = {Cambridge University Press},
      year = {1967},
     pages = {4862}}


 @article{cite:1,
  author = {J. Harris },
  title = {Integrability},
  journal = {{J}ournal of Applied Combinatorics},
  month = feb,
  year = 1995,
  volume = 41,
  pages = {520--524}}

@book {cite:2,
    author = {E. Z. Jackson },
     title = {Stochastic Graph Theory},
     publisher = {Bahraini Mathematical Society},
      year = {2006},
     pages = {73}}


 @article{cite:28,
  author = {W. Maruyama },
  title = {Numerical Measure Theory},
  journal = {{C}ambodian {M}athematical {B}ulletin},
  month = apr,
  year = 2004,
  volume = 60,
  pages = {1--9006}}


 @article{cite:10,
  author = {P. Garcia and A. Ito},
  title = {Reversible Probability Spaces over {M}arkov Subalegebras},
  journal = {{J}ournal of Modern Geometric {K}-Theory},
  month = dec,
  year = 2011,
  volume = 2,
  pages = {520--522}}

@book {cite:23,
    author = {H. Miller },
     title = {Category Theory},
     publisher = {Prentice Hall},
      year = {1997},
     pages = {73}}


 @article{cite:24,
  author = {D. Y. Miller },
  title = {Uniqueness in General Representation Theory},
  journal = {{P}ortuguese {M}athematical {J}ournal},
  month = jun,
  year = 2006,
  volume = 88,
  pages = {152--190}}


 @article{cite:15,
  author = {M. Smith and Q. White},
  title = {Degeneracy in Group Theory},
  journal = {{J}ournal of Numerical Mechanics},
  month = feb,
  year = 1990,
  volume = 3,
  pages = {1--78}}

@book {cite:18,
    author = {E. Wang },
     title = {A Beginner's Guide to Quantum Graph Theory},
     publisher = {Cambridge University Press},
      year = {2000},
     pages = {305}}

@book {cite:19,
    author = {S. B. Takahashi and H. Russell},
     title = {$p$-Adic Measure Theory},
     publisher = {McGraw Hill},
      year = {2000},
     pages = {6947}}

@book {cite:11,
    author = {U. Miller },
     title = {Higher Non-Commutative Measure Theory},
     publisher = {Cambridge University Press},
      year = {2007},
     pages = {5520}}


 @article{cite:16,
  author = {Y. A. Takahashi and O. Ito},
  title = {On the Existence of $n$-Dimensional Lines},
  journal = {{S}yrian {J}ournal of Harmonic {P}DE},
  month = nov,
  year = 1992,
  volume = 0,
  pages = {302--364}}


 @article{cite:13,
  author = {T. Wang and X. Shastri},
  title = {Some Convergence Results for $b$-Real Functions},
  journal = {{J}ournal of Harmonic Model Theory},
  month = mar,
  year = 1994,
  volume = 91,
  pages = {520--525}}


 @article{cite:12,
  author = {Q. Watanabe },
  title = {{R}iemannian, Hyperbolic Classes and Uniqueness Methods},
  journal = {{J}ournal of Real Operator Theory},
  month = sep,
  year = 2004,
  volume = 86,
  pages = {303--380}}


 @article{cite:20,
  author = {T. H. Martinez and L. Martinez},
  title = {On Uncountability Methods},
  journal = {{T}ransactions of the {N}amibian {M}athematical {S}ociety},
  month = nov,
  year = 2002,
  volume = 1,
  pages = {158--190}}


 @article{cite:29,
  author = {L. Lee },
  title = {Degeneracy Methods in Topological Set Theory},
  journal = {{J}ournal of Harmonic Category Theory},
  month = may,
  year = 2006,
  volume = 1,
  pages = {200--246}}

@book {cite:22,
    author = {D. Bhabha and P. Maxwell and O. Volterra},
     title = {Non-Standard Geometry},
     publisher = {McGraw Hill},
      year = {1995},
     pages = {942}}


 @article{cite:27,
  author = {X. Cauchy and I. Frobenius},
  title = {Null, Almost Everywhere {W}iles Primes and Advanced Symbolic Calculus},
  journal = {{A}nnals of the {H}ungarian {M}athematical {S}ociety},
  month = jul,
  year = 2009,
  volume = 0,
  pages = {20--24}}


